@misc{ucdpconflictsdataset,
    author = "Gleditsch, Nils Petter and Peter Wallensteen and Mikael Eriksson and Margareta Sollenberg and Håvard Strand",
    title = "UCDP/PRIO Armed Conflict Dataset",
    howpublished = "\url{http://www.pcr.uu.se/research/ucdp/datasets/ucdp_prio_armed_conflict_dataset}",
    year = "2015",
    month = "June",
}

@manual{ucdpconflictscodebook,
    title = "UCDP/PRIO Armed Conflict Dataset Codebook",
    author = "Gleditsch, Nils Petter and Peter Wallensteen and Mikael Eriksson and Margareta Sollenberg and Håvard Strand",
    organization = "Uppsala Conflict Data Program and Centre for the Study of Civil Wars,
    International Peace Research Institute, Oslo",
    edition = "Version 4-2015",
    year = "2015",
    month = "June",
}

@article{ucdpconflicts,
    author = "Gleditsch, Nils Petter and Peter Wallensteen and Mikael Eriksson and Margareta Sollenberg and Håvard Strand",
    title = "Armed Conflict 1946-2001: A New Dataset",
    volume = "39",
    number = "5",
    year = "2002",
}

@misc{gwstatesdataset,
    author = "Gleditsch and Kristian S. and Michael D. Ward",
    title = "List of independent states dataset",
    howpublished = "\url{http://privatewww.essex.ac.uk/~ksg/statelist.html}",
    year = "2013",
    month = "March",
}

@misc{icbdataset,
    author = "Brecher, Michael and Jonathan Wilkenfeld and Kyle Beardsley and Patrick James and David Quinn",
    title = "ICB Project datasets",
    howpublished = "\url{http://sites.duke.edu/icbdata/data-collections/}",
    year = "2016",
}

@manual{icbcodebook,
    title = "International Crisis Behavior Data Codebook",
    author = "Brecher, Michael and Jonathan Wilkenfeld and Kyle Beardsley and Patrick James and David Quinn",
    edition = "Version 11",
    year = "2016",
}

@article{icb,
    author = "Brecher, Michael and Jonathan Wilkenfeld",
    title = "A Study of Crisis",
    journal = "University of Michigan Press",
    year = "2000",
}

@manual{r,
    title = {R: A Language and Environment for Statistical Computing},
    author = {{R Core Team}},
    organization = {R Foundation for Statistical Computing},
    address = {Vienna, Austria},
    year = {2014},
    url = {http://www.R-project.org/},
}

@book{ggplot2,
    author = {Hadley Wickham},
    title = {ggplot2: Elegant Graphics for Data Analysis},
    publisher = {Springer-Verlag New York},
    year = {2009},
    isbn = {978-0-387-98140-6},
    url = {http://ggplot2.org},
}

@manual{networkmanual,
    author = {Carter T. Butts},
    title = {network: Classes for Relational Data},
    organization = {The Statnet Project (\url{http://statnet.org})},
    year = {2015},
    note = {R package version 1.13.0},
    url = {http://CRAN.R-project.org/package=network},
}

@article{networkarticle,
    title = {network: a Package for Managing Relational Data in R.},
    author = {Carter T. Butts},
    journal = {Journal of Statistical Software},
    year = {2008},
    volume = {24},
    number = {2},
    url = {http://www.jstatsoft.org/v24/i02/paper},
}

@manual{ggally,
    title = {GGally: Extension to ggplot2},
    author = {Barret Schloerke and Jason Crowley and Di Cook and Francois Briatte and Moritz Marbach and Edwin Thoen and Amos Elberg},
    year = {2016},
    note = {R package version 1.0.1},
    url = {http://CRAN.R-project.org/package=GGally},
}

@article{mad,
    author = "Wilde, Robert",
    title = "Mutually Assured Destruction",
    journal = "About Education. About.com",
    year = "2015",
    month = "April",
    url = {http://europeanhistory.about.com/od/glossary/g/glmad.htm},
}

@online{nukesvideo,
    title = "Why You Should Care About Nukes",
    author = "Henry Reich",
    year = "2016",
    month = "March",
    organization = "Youtube",
    url = {https://www.youtube.com/watch?v=qRnU0bqsyq0},
}
